@article{lindell2020secure,
  title={Secure multiparty computation},
  author={Lindell, Yehuda},
  journal={Communications of the ACM},
  volume={64},
  number={1},
  pages={86--96},
  year={2020},
  publisher={ACM New York, NY, USA}
}

@article{article,
author = {Dakhila, Safa and Ahmed, Nuredin and Shaari, Hala},
year = {2022},
month = {10},
pages = {2022},
title = {Comparison of Two Face Recognition Machine Learning Models},
volume = {21},
doi = {10.51984/JOPAS.V21I4.2120}
}

@article{SSS_SMC,
author = {Daniel Escudero},
year = {2023},
month = {6},
title = {An Introduction to Secret-Sharing-Based Secure Multiparty Computation},
}

@article{SMC_LIN,
author = {Arpita Patra},
year = {2015},
month = {8},
title = {CSA E0 312: Secure Computation : Lecture 6},
}

@inproceedings{mp-spdz,
    author = {Marcel Keller},
    title = {{MP-SPDZ}: A Versatile Framework for Multi-Party Computation},
    booktitle = {Proceedings of the 2020 ACM SIGSAC Conference on
    Computer and Communications Security},
    year = {2020},
    doi = {10.1145/3372297.3417872},
    url = {https://doi.org/10.1145/3372297.3417872},
}

@misc{lattigo,
    title = {Lattigo v5},
    howpublished = {Online: \url{https://github.com/tuneinsight/lattigo}},
    month = Nov,
    year = 2023,
    note = {EPFL-LDS, Tune Insight SA}
}

@misc{face_recognition,
    title = {face\_recognition},
    howpublished = {Online: \url{https://pypi.org/project/face-recognition/}},
}
@misc{deepface,
    title = {deepface},
    howpublished = {Online: \url{https://pypi.org/project/deepface/}},
}

@inproceedings{serengil2020lightface,
  title        = {LightFace: A Hybrid Deep Face Recognition Framework},
  author       = {Serengil, Sefik Ilkin and Ozpinar, Alper},
  booktitle    = {2020 Innovations in Intelligent Systems and Applications Conference (ASYU)},
  pages        = {23-27},
  year         = {2020},
  doi          = {10.1109/ASYU50717.2020.9259802},
  url          = {https://ieeexplore.ieee.org/document/9259802},
  organization = {IEEE}
}

@misc{mpyc,
    title = {MPyC},
    howpublished = {Online: \url{https://github.com/lschoe/mpyc/}},
}

@article{wikipedia,
    journal = {Wikipedia},
    url = {https://en.wikipedia.org/wiki/Secure_multi-party_computation}
}